@article{kafle2020overview,
  title={An overview of utilizing knowledge bases in neural networks for question answering},
  author={Kafle, Sabin and de Silva, Nisansa and Dou, Dejing},
  journal={Information Systems Frontiers},
  volume={22},
  number={5},
  pages={1095--1111},
  year={2020},
  publisher={Springer}
}
@article{abbasiantaeb2021text,
  title={Text-based question answering from information retrieval and deep neural network perspectives: A survey},
  author={Abbasiantaeb, Zahra and Momtazi, Saeedeh},
  journal={Wiley Interdisciplinary Reviews: Data Mining and Knowledge Discovery},
  volume={11},
  number={6},
  pages={e1412},
  year={2021},
  publisher={Wiley Online Library}
}
@article{2016arXiv160605250R,
       author = {{Rajpurkar}, Pranav and {Zhang}, Jian and {Lopyrev},
                 Konstantin and {Liang}, Percy},
        title = "{SQuAD: 100,000+ Questions for Machine Comprehension of Text}",
      journal = {arXiv e-prints},
         year = 2016,
          eid = {arXiv:1606.05250},
        pages = {arXiv:1606.05250},
archivePrefix = {arXiv},
       eprint = {1606.05250},
}
@inproceedings{trischler2017newsqa, 
title={NewsQA: A Machine Comprehension Dataset}, author={Trischler, Adam and Wang, Tong and Yuan, Xingdi and Harris, Justin and Sordoni, Alessandro and Bachman, Philip and Suleman, Kaheer}, booktitle={Proceedings of the 2nd Workshop on Representation Learning for NLP}, pages={191--200}, year={2017}
}
@article{wang2022modern,
  title={Modern question answering datasets and benchmarks: A survey},
  author={Wang, Zhen},
  journal={arXiv preprint arXiv:2206.15030},
  year={2022}
}
@article{risch2021semantic,
  title={Semantic answer similarity for evaluating question answering models},
  author={Risch, Julian and M{\"o}ller, Timo and Gutsch, Julian and Pietsch, Malte},
  journal={arXiv preprint arXiv:2108.06130},
  year={2021}
}
@article{rashad2022rome,
  title={RoMe: A Robust Metric for Evaluating Natural Language Generation},
  author={Rashad Al Hasan Rony, Md and Kovriguina, Liubov and Chaudhuri, Debanjan and Usbeck, Ricardo and Lehmann, Jens},
  journal={arXiv e-prints},
  pages={arXiv--2203},
  year={2022}
}
@article{srivastava2015highway,
  title={Highway networks},
  author={Srivastava, Rupesh Kumar and Greff, Klaus and Schmidhuber, J{\"u}rgen},
  journal={arXiv preprint arXiv:1505.00387},
  year={2015}
}
@article{hochreiter1997long,
  title={Long short-term memory},
  author={Hochreiter, Sepp and Schmidhuber, J{\"u}rgen},
  journal={Neural computation},
  volume={9},
  number={8},
  pages={1735--1780},
  year={1997},
  publisher={MIT Press}
}
@article{williams1989learning,
  title={A learning algorithm for continually running fully recurrent neural networks},
  author={Williams, Ronald J and Zipser, David},
  journal={Neural computation},
  volume={1},
  number={2},
  pages={270--280},
  year={1989},
  publisher={MIT Press One Rogers Street, Cambridge, MA 02142-1209, USA journals-info~â€¦}
}
@inproceedings{graves2005bidirectional,
  title={Bidirectional LSTM networks for improved phoneme classification and recognition},
  author={Graves, Alex and Fern{\'a}ndez, Santiago and Schmidhuber, J{\"u}rgen},
  booktitle={International conference on artificial neural networks},
  pages={799--804},
  year={2005},
  organization={Springer}
}
@article{luong2015effective,
  title={Effective approaches to attention-based neural machine translation},
  author={Luong, Minh-Thang and Pham, Hieu and Manning, Christopher D},
  journal={arXiv preprint arXiv:1508.04025},
  year={2015}
}
@article{bahdanau2014neural,
  title={Neural machine translation by jointly learning to align and translate},
  author={Bahdanau, Dzmitry and Cho, Kyunghyun and Bengio, Yoshua},
  journal={arXiv preprint arXiv:1409.0473},
  year={2014}
}
@inproceedings{wang2017gated,
  title={Gated self-matching networks for reading comprehension and question answering},
  author={Wang, Wenhui and Yang, Nan and Wei, Furu and Chang, Baobao and Zhou, Ming},
  booktitle={Proceedings of the 55th Annual Meeting of the Association for Computational Linguistics (Volume 1: Long Papers)},
  pages={189--198},
  year={2017}
}
@article{jurafsky2009speech,
  title={Speech and Language Processing},
  author={Jurafsky, Daniel and Martin, James H},
  year={2009}
}
@inproceedings{seo-etal-2018-phrase,
    title = "Phrase-Indexed Question Answering: A New Challenge for Scalable Document Comprehension",
    author = "Seo, Minjoon  and
      Kwiatkowski, Tom  and
      Parikh, Ankur  and
      Farhadi, Ali  and
      Hajishirzi, Hannaneh",
    booktitle = "Proceedings of the 2018 Conference on Empirical Methods in Natural Language Processing",
    month = oct # "-" # nov,
    year = "2018",
    address = "Brussels, Belgium",
    publisher = "Association for Computational Linguistics",
    url = "https://aclanthology.org/D18-1052",
    doi = "10.18653/v1/D18-1052",
    pages = "559--564",
}
@inproceedings{chen-etal-2017-reading,
    title = "Reading {W}ikipedia to Answer Open-Domain Questions",
    author = "Chen, Danqi  and
      Fisch, Adam  and
      Weston, Jason  and
      Bordes, Antoine",
    booktitle = "Proceedings of the 55th Annual Meeting of the Association for Computational Linguistics (Volume 1: Long Papers)",
    month = jul,
    year = "2017",
    address = "Vancouver, Canada",
    publisher = "Association for Computational Linguistics",
    url = "https://aclanthology.org/P17-1171",
    doi = "10.18653/v1/P17-1171",
    pages = "1870--1879",
}
@online{cite2website,
  author = {MultiMedia LLC},
  title = {{MS Windows NT} Kernel Description},
  year = 1999,
  url = {http://web.archive.org/web/20080207010024/http://www.808multimedia.com/winnt/kernel.htm},
  urldate = {2010-09-30}
}
@book{strunk2000elements,
  title={The Elements of Style},
  author={Strunk, W. and Strunk, W. and E. B. White and White, E.B. and Angell, R.},
  isbn={9780205309023},
  lccn={99016419},
  series={Elements of Style},
  url={https://books.google.com.vn/books?id=RHwlKwAACAAJ},
  year={2000},
  publisher={Allyn and Bacon}
}
@book{glasman2010science,
  title={Science Research Writing for Non-native Speakers of English},
  author={Glasman-Deal, H.},
  isbn={9781848163102},
  lccn={2009043016},
  url={https://books.google.com.vn/books?id=sehpDQAAQBAJ},
  year={2010},
  publisher={Imperial College Press}
}

@article{smagulova2019survey,
  title={A survey on LSTM memristive neural network architectures and applications},
  author={Smagulova, Kamilya and James, Alex Pappachen},
  journal={The European Physical Journal Special Topics},
  volume={228},
  number={10},
  pages={2313--2324},
  year={2019},
  publisher={Springer}
}